@book{kuestliche_intelligenz,
    author = {Günther Görz, Bernhard Nebel},
    title = {Künstliche Intelligenz},
    publisher = {Fischer Taschenbuch Verlag},
    year = {2003},
}

@book{grundlagen_der_robotik,
    author = {Helmut Maier},
    title = {Grundlagen der Robotik},
    publisher = {VDE Verlag GmbH},
    year = {2016},
}

@online{duden_roboter,
    author = {Dudenredaktion (o. J.)},
    title = {\enquote{Roboter} auf Duden online},
    year = {2023},
    url = {https://www.duden.de/node/122491/revision/1296035},
    urldate = {2023-07-03},
}

@online{statista_industrie_roboter,
    author = {Statista},
    title = {Umsatz der deutschen Robotik- und Automationsbranche nach Bereichen in den Jahren 2010 und 2021},
    year = 2023,
    url = {https://de.statista.com/statistik/daten/studie/1259752/umfrage/umsatz-der-robotik-und-automationsbranche-nach-bereich/},
    urldate = {2023-07-04}
}

@report{statista_robotics_market,
    author = {Sophie Fischer},
    title = {Robotics – Market data analysis \& forecasts},
    type = {Statista Technology Market Outlook},
    institution = {Statista},
    date = {2022-08},
    url = {https://de.statista.com/statistik/studie/id/116785/dokument/robotics-report/},
    urldate = {2023-07-04},
}

